@article{1zhao2018modular,
title={Modular Generative Adversarial Networks},
author={Zhao, Bo and Chang, Bo and Jie, Zequn and Sigal, Leonid},
journal={european conference on computer vision},
pages={157--173},
year={2018}}

@article{2zhang2018translating,
title={Translating and Segmenting Multimodal Medical Volumes with Cycle- and Shape-Consistency Generative Adversarial Network},
author={Zhang, Zizhao and Yang, Lin and Zheng, Yefeng},
journal={computer vision and pattern recognition},
pages={9242--9251},
year={2018}}

@article{3dalca2018anatomical,
title={Anatomical Priors in Convolutional Networks for Unsupervised Biomedical Segmentation},
author={Dalca, Adrian V and Guttag, John V and Sabuncu, Mert R},
journal={computer vision and pattern recognition},
pages={9290--9299},
year={2018}}

@article{4shin2018medical,
title={Medical Image Synthesis for Data Augmentation and Anonymization Using Generative Adversarial Networks},
author={Shin, Hoochang and Tenenholtz, Neil A and Rogers, Jameson K and Schwarz, Christopher G and Senjem, Matthew L and Gunter, Jeffrey L and Andriole, Katherine P and Michalski, Mark},
journal={arXiv: Computer Vision and Pattern Recognition},
pages={1--11},
year={2018}}

@article{5liang2018generative,
title={Generative Semantic Manipulation with Mask-Contrasting GAN},
author={Liang, Xiaodan and Zhang, Hao and Lin, Liang and Xing, Eric P},
journal={european conference on computer vision},
pages={574--590},
year={2018}}

@article{6zhu2017unpaired,
title={Unpaired Image-to-Image Translation Using Cycle-Consistent Adversarial Networks},
author={Zhu, Junyan and Park, Taesung and Isola, Phillip and Efros, Alexei A},
journal={international conference on computer vision},
pages={2242--2251},
year={2017}}

@article{7almahairi2018augmented,
title={Augmented CycleGAN: Learning Many-to-Many Mappings from Unpaired Data},
author={Almahairi, Amjad and Rajeswar, Sai and Sordoni, Alessandro and Bachman, Philip and Courville, Aaron C},
journal={international conference on machine learning},
pages={195--204},
year={2018}}

@article{8huang2018auggan:,
title={AugGAN: Cross Domain Adaptation with GAN-based Data Augmentation},
author={Huang, Shengwei and Lin, Chetsung and Chen, Shuping and Wu, Yenyi and Hsu, Pohao and Lai, Shanghong},
journal={european conference on computer vision},
pages={731--744},
year={2018}}

@article{9tran2018dist-gan:,
title={Dist-GAN: An Improved GAN Using Distance Constraints},
author={Tran, Ngoctrung and Bui, Tuananh and Cheung, Ngaiman},
journal={european conference on computer vision},
pages={387--401},
year={2018}}

@article{10chen2018attention-gan,
title={Attention-GAN for Object Transfiguration in Wild Images},
author={Chen, Xinyuan and Xu, Chang and Yang, Xiaokang and Tao, Dacheng},
journal={european conference on computer vision},
pages={167--184},
year={2018}}
        
@article{11li2018unsupervised,
title={Unsupervised Image-to-Image Translation with Stacked Cycle-Consistent Adversarial Networks},
author={Li, Minjun and Huang, Haozhi and Ma, Lin and Liu, Wei and Zhang, Tong and Jiang, Yugang},
journal={european conference on computer vision},
pages={186--201},
year={2018}}
    
@article{12pumarola2018ganimation:,
title={GANimation: Anatomically-Aware Facial Animation from a Single Image},
author={Pumarola, Albert and Agudo, Antonio and Martinez, Aleix M and Sanfeliu, Alberto and Morenonoguer, Francesc},
journal={european conference on computer vision},
pages={835--851},
year={2018}}

@article{13choi2018stargan:,
title={StarGAN: Unified Generative Adversarial Networks for Multi-domain Image-to-Image Translation},
author={Choi, Yunjey and Choi, Minje and Kim, Munyoung and Ha, Jungwoo and Kim, Sunghun and Choo, Jaegul},
journal={computer vision and pattern recognition},
pages={8789--8797},
year={2018}}
    
@article{14You2018CT,
title={CT Super-resolution GAN Constrained by the Identical, Residual, and Cycle Learning Ensemble(GAN-CIRCLE)},
author={You, Chenyu and Li, Guang and Zhang, Yi and Zhang, Xiaoliu and Shan, Hongming and Ju, Shenghong and Zhao, Zhen and Zhang, Zhuiyang and Cong, Wenxiang and Vannier, Michael W.},
journal={arXiv preprint arXiv:1808.04256},
 year={2018},
}    
    
@article{15lyu2018super-resolution,
title={Super-resolution MRI through Deep Learning},
author={Lyu, Qing and You, Chenyu and Shan, Hongming and Wang, Ge},
journal={arXiv preprint arXiv:1810.06776},
year={2018}}
  
@article{16litjens2017a,
title={A survey on deep learning in medical image analysis},
author={Litjens, Geert J S and Kooi, Thijs and Bejnordi, Babak Ehteshami and Setio, Arnaud Arindra Adiyoso and Ciompi, Francesco and Ghafoorian, Mohsen and Der Laak, Jeroen A W M Van and Van Ginneken, Bram and Sanchez, Clara I},
journal={Medical Image Analysis},
volume={42},
pages={60--88},
year={2017}}

@article{17lee2017deep,
title={Deep Learning in Medical Imaging: General Overview},
author={Lee, Junegoo and Jun, Sanghoon and Cho, Youngwon and Lee, H S and Kim, Guk Bae and Seo, Joon Beom and Kim, Namkug},
journal={Korean Journal of Radiology},
volume={18},
number={4},
pages={570--584},
year={2017}}

@article{18shen2017deep,
title={Deep Learning in Medical Image Analysis},
author={Shen, Dinggang and Wu, Guorong and Suk, Heung Il},
journal={Annual Review of Biomedical Engineering},
volume={19},
number={1},
pages={221--248},
year={2017}}
    
@article{19liu2017detecting,
title={Detecting Cancer Metastases on Gigapixel Pathology Images},
author={Liu, Yun and Gadepalli, Krishna and Norouzi, Mohammad and Dahl, George E and Kohlberger, Timo and Boyko, Aleksey and Venugopalan, Subhashini and Timofeev, Aleksei and Nelson, Philip Q and Corrado, Gregory S and others},
journal={arXiv: Computer Vision and Pattern Recognition},
year={2017}}
    
@article{20nie2017medical,
title={Medical Image Synthesis with Context-Aware Generative Adversarial Networks},
author={Nie, Dong and Trullo, Roger and Lian, J and Petitjean, Caroline and Ruan, Su and Wang, Qian and Shen, Dinggang},
journal={medical image computing and computer assisted intervention},
pages={417--425},
year={2017}}
    
@article{21zhang2017deep,
title={Deep Adversarial Networks for Biomedical Image Segmentation Utilizing Unannotated Images},
author={Zhang, Yizhe and Yang, Lin and Chen, Jianxu and Fredericksen, Maridel and Hughes, David P and Chen, Danny Z},
journal={medical image computing and computer assisted intervention},
pages={408--416},
year={2017}}
    
@article{22burgos2015robust,
title={Robust CT Synthesis for Radiotherapy Planning: Application to the Head and Neck Region},
author={Burgos, Ninon and Cardoso, M J and Guerreiro, Filipa and Veiga, Catarina and Modat, Marc and Mcclelland, J and Knopf, Antjechristin and Punwani, Shonit and Atkinson, D and Arridge, Simon R and others},
journal={medical image computing and computer assisted intervention},
pages={476--484},
year={2015}}

@article{23zhang2017tandemnet:,
title={TandemNet: Distilling Knowledge from Medical Images Using Diagnostic Reports as Optional Semantic References},
author={Zhang, Zizhao and Chen, Pingjun and Sapkota, Manish and Yang, Lin},
journal={medical image computing and computer assisted intervention},
pages={320--328},
year={2017}}
    
@article{24zhang2017mdnet:,
title={MDNet: A Semantically and Visually Interpretable Medical Image Diagnosis Network},
author={Zhang, Zizhao and Xie, Yuanpu and Xing, Fuyong and Mcgough, Mason and Yang, Lin},
journal={computer vision and pattern recognition},
pages={3549--3557},
year={2017}}
    
@article{25goodfellow2014generative,
title={Generative Adversarial Nets},
author={Goodfellow, Ian J and Pougetabadie, Jean and Mirza, Mehdi and Xu, Bing and Wardefarley, David and Ozair, Sherjil and Courville, Aaron C and Bengio, Yoshua},
journal={neural information processing systems},
pages={2672--2680},
year={2014}}

@article{26bousmalis2017unsupervised,
title={Unsupervised Pixel-Level Domain Adaptation with Generative Adversarial Networks},
author={Bousmalis, Konstantinos and Silberman, Nathan and Dohan, David and Erhan, Dumitru and Krishnan, Dilip},
journal={computer vision and pattern recognition},
pages={95--104},
year={2017}}
    
@article{27isola2017image-to-image,
title={Image-to-Image Translation with Conditional Adversarial Networks},
author={Isola, Phillip and Zhu, Junyan and Zhou, Tinghui and Efros, Alexei A},
journal={computer vision and pattern recognition},
pages={5967--5976},
year={2017}}
    
@article{28liu2017unsupervised,
title={Unsupervised Image-to-Image Translation Networks},
author={Liu, Mingyu and Breuel, Thomas M and Kautz, Jan},
journal={neural information processing systems},
pages={700--708},
year={2017}}

@article{29kim2017learning,
title={Learning to Discover Cross-Domain Relations with Generative Adversarial Networks},
author={Kim, Taeksoo and Cha, Moonsu and Kim, Hyunsoo and Lee, Jung Kwon and Kim, Jiwon},
journal={international conference on machine learning},
pages={1857--1865},
year={2017}}

@article{30zhu2017imagine,
title={Imagine it for me: Generative Adversarial Approach for Zero-Shot Learning from Noisy Texts.},
author={Zhu, Yizhe and Elhoseiny, Mohamed and Liu, Bingchen and Elgammal, Ahmed M},
journal={arXiv: Computer Vision and Pattern Recognition},
year={2017}}

@article{31zhang2018densely,
title={Densely Connected Pyramid Dehazing Network},
author={Zhang, He and Patel, Vishal M},
journal={computer vision and pattern recognition},
pages={3194--3203},
year={2018}}
    
@article{32gong2018learning,
title={Learning Compositional Visual Concepts with Mutual Consistency},
author={Gong, Yunye and Karanam, Srikrishna and Wu, Ziyan and Peng, Kuanchuan and Ernst, Jan and Doerschuk, Peter C},
journal={computer vision and pattern recognition},
pages={8659--8668},
year={2018}}
    
@article{33huang2017simultaneous,
title={Simultaneous Super-Resolution and Cross-Modality Synthesis of 3D Medical Images Using Weakly-Supervised Joint Convolutional Sparse Coding},
author={Huang, Yawen and Shao, Ling and Frangi, Alejandro F},
journal={computer vision and pattern recognition},
pages={5787--5796},
year={2017}}

@article{34vemulapalli2015unsupervised,
title={Unsupervised Cross-Modal Synthesis of Subject-Specific Scans},
author={Vemulapalli, Raviteja and Van Nguyen, Hien and Zhou, Shaohua Kevin},
journal={international conference on computer vision},
pages={630--638},
year={2015}}

@article{35osokin2017gans,
title={GANs for Biological Image Synthesis},
author={Osokin, Anton and Chessel, Anatole and Salas, Rafael E Carazo and Vaggi, Federico},
journal={international conference on computer vision},
pages={2252--2261},
year={2017}}

@article{36vannguyen2015crossdomain,
title={Cross-Domain Synthesis of Medical Images Using Efficient Location-Sensitive Deep Network},
author={Van Nguyen, Hien and Zhou, Kevin S and Vemulapalli, Raviteja},
journal={medical image computing and computer assisted intervention},
pages={677--684},
year={2015}}

@article{37tolstikhin2018wasserstein,
title={Wasserstein Auto-Encoders},
author={Tolstikhin, Ilya O and Bousquet, Olivier and Gelly, Sylvain and Schoelkopf, Bernhard},
journal={international conference on learning representations},
year={2018}}

@article{38berthelot2017began:,
title={BEGAN: Boundary Equilibrium Generative Adversarial Networks.},
author={Berthelot, David and Schumm, Thomas and Metz, Luke},
journal={arXiv: Learning},
year={2017}}

@article{39zhang2018photographic,
title={Photographic Text-to-Image Synthesis with a Hierarchically-Nested Adversarial Network},
author={Zhang, Zizhao and Xie, Yuanpu and Yang, Lin},
journal={computer vision and pattern recognition},
pages={6199--6208},
year={2018}}

@article{40kamnitsas2017unsupervised,
title={Unsupervised Domain Adaptation in Brain Lesion Segmentation with Adversarial Networks},
author={Kamnitsas, Konstantinos and Baumgartner, Christian F and Ledig, Christian and Newcombe, Virginia and Simpson, Joanna P and Kane, Andrew D and Menon, David K and Nori, Aditya V and Criminisi, Antonio and Rueckert, Daniel and others},
journal={information processing in medical imaging},
pages={597--609},
year={2017}}
    
@article{41costa2017towards,
title={Towards Adversarial Retinal Image Synthesis.},
author={Costa, Pedro and Galdran, Adrian and Meyer, Maria Ines and Abramoff, Michael D and Niemeijer, Meindert and Mendonca, Ana Maria and Campilho, Aurelio},
journal={arXiv: Computer Vision and Pattern Recognition},
year={2017}}

@article{42huo2018adversarial,
title={Adversarial synthesis learning enables segmentation without target modality ground truth},
author={Huo, Yuankai and Xu, Zhoubing and Bao, Shunxing and Assad, Albert and Abramson, Richard G and Landman, Bennett A},
journal={international symposium on biomedical imaging},
pages={1217--1220},
year={2018}}

@article{43iglesias2013is,
title={Is Synthesizing MRI Contrast Useful for Inter-modality Analysis?},
author={Iglesias, Juan Eugenio and Konukoglu, Ender and Zikic, Darko and Glocker, Ben and Van Leemput, Koen and Fischl, Bruce},
journal={medical image computing and computer assisted intervention},
pages={631--638},
year={2013}}
    
@article{44shrivastava2017learning,
title={Learning from Simulated and Unsupervised Images through Adversarial Training},
author={Shrivastava, Ashish and Pfister, Tomas and Tuzel, Oncel and Susskind, Joshua and Wang, Wenda and Webb, Russell},
journal={computer vision and pattern recognition},
pages={2242--2251},
year={2017}}

@article{45xue2017differential,
title={Differential Angular Imaging for Material Recognition},
author={Xue, Jia and Zhang, Hang and Dana, Kristin J and Nishino, Ko},
journal={computer vision and pattern recognition},
pages={6940--6949},
year={2017}}
   
@article{46kohl2017adversarial,
title={Adversarial Networks for the Detection of Aggressive Prostate Cancer.},
author={Kohl, Simon and Bonekamp, David and Schlemmer, Heinzpeter and Yaqubi, Kaneschka and Hohenfellner, Markus and Hadaschik, Boris and Radtke, Janphilipp and Maierhein, Klaus H},
journal={arXiv: Computer Vision and Pattern Recognition},
year={2017}}

@article{47luc2016semantic,
title={Semantic Segmentation using Adversarial Networks},
author={Luc, Pauline and Couprie, Camille and Chintala, Soumith and Verbeek, Jakob J},
journal={neural information processing systems},
year={2016}}

@article{48xue2018segan:,
title={SegAN: Adversarial Network with Multi-scale L 1 Loss for Medical Image Segmentation},
author={Xue, Yuan and Xu, Tao and Zhang, Han and Long, L Rodney and Huang, Xiaolei},
journal={Neuroinformatics},
volume={16},
pages={383--392},
year={2018}}
    
@article{49yang2017automatic,
title={Automatic Liver Segmentation Using an Adversarial Image-to-Image Network},
author={Yang, Dong and Xu, Daguang and Zhou, S Kevin and Georgescu, Bogdan and Chen, Mingqing and Grbic, Sasa and Metaxas, Dimitris N and Comaniciu, Dorin},
journal={medical image computing and computer assisted intervention},
pages={507--515},
year={2017}}    

@article{50milletari2016v-net:,
title={V-Net: Fully Convolutional Neural Networks for Volumetric Medical Image Segmentation},
author={Milletari, Fausto and Navab, Nassir and Ahmadi, Seyedahmad},
journal={international conference on 3d vision},
pages={565--571},
year={2016}}

@article{51ronneberger2015u-net:,
title={U-Net: Convolutional Networks for Biomedical Image Segmentation},
author={Ronneberger, Olaf and Fischer, Philipp and Brox, Thomas},
journal={medical image computing and computer assisted intervention},
pages={234--241},
year={2015}}
    
@article{52roy2017error,
title={Error Corrective Boosting for Learning Fully Convolutional Networks with Limited Data},
author={Roy, Abhijit Guha and Conjeti, Sailesh and Sheet, Debdoot and Katouzian, Amin and Navab, Nassir and Wachinger, Christian},
journal={medical image computing and computer assisted intervention},
pages={231--239},
year={2017}}

@article{53wachinger2017deepnat:,
title={DeepNAT: Deep convolutional neural network for segmenting neuroanatomy},
author={Wachinger, Christian and Reuter, Martin and Klein, Tassilo},
journal={NeuroImage},
volume={170},
pages={434--445},
year={2017}}

@article{54havaei2017brain,
title={Brain tumor segmentation with Deep Neural Networks},
author={Havaei, Mohammad and Davy, Axel and Wardefarley, David and Biard, Antoine and Courville, Aaron C and Bengio, Yoshua and Pal, Chris and Jodoin, Pierremarc and Larochelle, Hugo},
journal={Medical Image Analysis},
volume={35},
pages={18--31},
year={2017}}

@article{55roth2015deeporgan:,
title={DeepOrgan: Multi-level Deep Convolutional Networks for Automated Pancreas Segmentation},
author={Roth, Holger R and Lu, Le and Farag, Amal and Shin, Hoochang and Liu, Jiamin and Turkbey, Evrim B and Summers, Ronald M},
journal={medical image computing and computer assisted intervention},
pages={556--564},
year={2015}}
    
@article{56moeskops2017adversarial,
title={Adversarial Training and Dilated Convolutions for Brain MRI Segmentation},
author={Moeskops, Pim and Veta, Mitko and Lafarge, Maxime W and Eppenhof, Koen A J and Pluim, Josien P W},
journal={medical image computing and computer assisted intervention},
pages={56--64},
year={2017}}

@inproceedings{57DBLP:conf/miccai/HanLC16,
author    = {Xian{-}Hua Han and
		   Jianmei Lei and
		   Yen{-}Wei Chen},
title     = {HEp-2 Cell Classification Using K-Support Spatial Pooling in Deep
		   CNNs},
booktitle = {Deep Learning and Data Labeling for Medical Applications - First International
		   Workshop, {LABELS} 2016, and Second International Workshop, {DLMIA}
		   2016, Held in Conjunction with {MICCAI} 2016, Athens, Greece, October
		   21, 2016, Proceedings},
pages     = {3--11},
year      = {2016},
crossref  = {DBLP:conf/miccai/2016labels},
url       = {https://doi.org/10.1007/978-3-319-46976-8\_1},
doi       = {10.1007/978-3-319-46976-8\_1},
timestamp = {Thu, 15 Jun 2017 21:42:00 +0200},
biburl    = {https://dblp.org/rec/bib/conf/miccai/HanLC16},
bibsource = {dblp computer science bibliography, https://dblp.org}
}

@article{58xu2017a,
title={A deep convolutional neural network for classification of red blood cells in sickle cell anemia},
author={Xu, Mengjia and Papageorgiou, Dimitrios P and Abidi, Sabia Z and Dao, Ming and Zhao, Hong and Karniadakis, George Em},
journal={PLOS Computational Biology},
volume={13},
number={10},
year={2017}}

@article{59yu2017volumetric,
title={Volumetric convnets with mixed residual connections for automated prostate segmentation from 3d MR images},
author={Yu, Lequan and Yang, Xin and Chen, Hao and Qin, Jing and Heng, Phengann},
journal={national conference on artificial intelligence},
pages={66--72},
year={2017}}

@article{60chen2018focus,
title={Focus, Segment and Erase: An Efficient Network for Multi-label Brain Tumor Segmentation},
author={Chen, Xuan and Liew, Jun Hao and Xiong, Wei and Chui, Cheekong and Ong, Sim Heng},
journal={European Conference on Computer Vision},
pages={674--689},
year={2018}}

@article{61fan2018a,
title={A Segmentation-Aware Deep Fusion Network for Compressed Sensing MRI},
author={Fan, Zhiwen and Sun, Liyan and Ding, Xinghao and Huang, Yue and Cai, Congbo and Paisley, John},
journal={european conference on computer vision},
pages={55--70},
year={2018}}

@article{62balakrishnan2018an,
title={An Unsupervised Learning Model for Deformable Medical Image Registration},
author={Balakrishnan, Guha and Zhao, Amy and Sabuncu, Mert R and Dalca, Adrian V and Guttag, John V},
journal={computer vision and pattern recognition},
pages={9252--9260},
year={2018}}

@article{63xu2018quantization,
title={Quantization of Fully Convolutional Networks for Accurate Biomedical Image Segmentation},
author={Xu, Xiaowei and Lu, Qing and Yang, Lin and Hu, Sharon and Chen, Danny Z and Hu, Yu and Shi, Yiyu},
journal={computer vision and pattern recognition},
pages={8300--8308},
year={2018}}

@article{64christiansen2018in,
title={In Silico Labeling: Predicting Fluorescent Labels in Unlabeled Images},
author={Christiansen, Eric and Yang, Samuel J and Ando, D Michael and Javaherian, Ashkan and Skibinski, Gaia and Lipnick, Scott and Mount, Elliot and Neil, Alison O and Shah, Kevan and Lee, Alicia K and others},
journal={Cell},
volume={173},
number={3},
pages={792--803},
year={2018}}   

@article{65anirudh2018lose,
title={Lose the Views: Limited Angle CT Reconstruction via Implicit Sinogram Completion},
author={Anirudh, Rushil and Kim, Hyojin and Thiagarajan, Jayaraman J and Mohan, K Aditya and Champley, Kyle M and Bremer, Timo},
journal={computer vision and pattern recognition},
pages={6343--6352},
year={2018}}

@article{66miao2018dilated,
title={Dilated FCN for Multi-Agent 2D/3D Medical Image Registration},
author={Miao, Shun and Piat, Sebastien and Fischer, Peter Walter and Tuysuzoglu, Ahmet and Mewes, Philip and Mansi, Tommaso and Liao, Rui},
journal={national conference on artificial intelligence},
pages={4694--4701},
year={2018}}

@article{67jia2017constrained,
title={Constrained Deep Weak Supervision for Histopathology Image Segmentation},
author={Jia, Zhipeng and Huang, Xingyi and Chang, Eric and Xu, Yan},
journal={IEEE Transactions on Medical Imaging},
volume={36},
number={11},
pages={2376--2388},
year={2017}}

@article{68long2015fully,
title={Fully convolutional networks for semantic segmentation},
author={Long, Jonathan and Shelhamer, Evan and Darrell, Trevor},
journal={computer vision and pattern recognition},
pages={3431--3440},
year={2015}}

@article{69dar2018image,
title={Image Synthesis in Multi-Contrast MRI with Conditional Generative Adversarial Networks.},
author={Dar, Salman Ul Hassan and Yurt, Mahmut and Karacan, Levent and Erdem, Aykut and Erdem, Erkut and Cukur, Tolga},
journal={arXiv: Computer Vision and Pattern Recognition},
year={2018}}

@article{70mirza2014conditional,
title={Conditional Generative Adversarial Nets},
author={Mirza, Mehdi and Osindero, Simon},
journal={arXiv: Learning},
year={2014}}

@article{71perarnau2016invertible,
title={Invertible Conditional GANs for image editing.},
author={Perarnau, Guim and De Weijer, Joost Van and Raducanu, Bogdan and Alvarez, Jose M},
journal={arXiv: Computer Vision and Pattern Recognition},
year={2016}}

@article{72radford2016unsupervised,
title={Unsupervised Representation Learning with Deep Convolutional Generative Adversarial Networks},
author={Radford, Alec and Metz, Luke and Chintala, Soumith},
journal={international conference on learning representations},
year={2016}}

@article{73liu2016coupled,
title={Coupled Generative Adversarial Networks},
author={Liu, Mingyu and Tuzel, Oncel},
journal={neural information processing systems},
pages={469--477},
year={2016}}

@article{74anoosheh2018combogan:,
title={ComboGAN: Unrestrained Scalability for Image Domain Translation},
author={Anoosheh, Asha and Agustsson, Eirikur and Timofte, Radu and Van Gool, Luc},
journal={computer vision and pattern recognition},
pages={783--790},
year={2018}}

@article{75royer2018xgan:,
title={XGAN: Unsupervised Image-to-Image Translation for many-to-many Mappings},
author={Royer, Amelie and Bousmalis, Konstantinos and Gouws, Stephan and Bertsch, Fred and Mosseri, Inbar and Cole, Forrester and Murphy, Kevin P},
journal={arXiv: Computer Vision and Pattern Recognition},
year={2018}}

@article{76brock2018large,
title={Large Scale GAN Training for High Fidelity Natural Image Synthesis.},
author={Brock, Andrew and Donahue, Jeff and Simonyan, Karen},
journal={arXiv: Learning},
year={2018}}

@article{77mathieu2016deep,
	title={Deep multi-scale video prediction beyond mean square error},
	author={Mathieu, Michael and Couprie, Camille and Lecun, Yann},
	journal={international conference on learning representations},
	year={2016}}

@article{78johnson2016perceptual,
	title={Perceptual Losses for Real-Time Style Transfer and Super-Resolution},
	author={Johnson, Justin and Alahi, Alexandre and Feifei, Li},
	journal={european conference on computer vision},
	pages={694--711},
	year={2016}}

@article{79ledig2017photo-realistic,
	title={Photo-Realistic Single Image Super-Resolution Using a Generative Adversarial Network},
	author={Ledig, Christian and Theis, Lucas and Huszar, Ferenc and Caballero, Jose and Cunningham, Andrew and Acosta, Alejandro and Aitken, Andrew Peter and Tejani, Alykhan and Totz, Johannes and Wang, Zehan and others},
	journal={computer vision and pattern recognition},
	pages={105--114},
	year={2017}}

@article{80odena2016deconvolution,
	author = {Odena, Augustus and Dumoulin, Vincent and Olah, Chris},
	title = {Deconvolution and Checkerboard Artifacts},
	journal = {Distill},
	year = {2016},
	url = {http://distill.pub/2016/deconv-checkerboard},
	doi = {10.23915/distill.00003}
}

@article{81xian2018texturegan:,
	title={TextureGAN: Controlling Deep Image Synthesis with Texture Patches},
	author={Xian, Wenqi and Sangkloy, Patsorn and Agrawal, Varun and Raj, Amit and Lu, Jingwan and Fang, Chen and Yu, Fisher and Hays, James},
	journal={computer vision and pattern recognition},
	pages={8456--8465},
	year={2018}}
	
@article{82wang2004image,
title={Image quality assessment: from error visibility to structural similarity},
author={Wang, Zhou and Bovik, Alan C and Sheikh, Hamid R and Simoncelli, Eero P},
journal={IEEE Transactions on Image Processing},
volume={13},
number={4},
pages={600--612},
year={2004}}
    
@article{83Tian2019Decoders,
	title={Decoders Matter for Semantic Segmentation: Data-Dependent Decoding Enables Flexible Feature Aggregation},
	author={Tian, Zhi and Shen, Chunhua and He, Tong and Yan, Youliang},
	year={2019},
}

@article{84chartsias2018multimodal,
	title={Multimodal MR Synthesis via Modality-Invariant Latent Representation},
	author={Chartsias, Agisilaos and Joyce, Thomas and Giuffrida, Mario Valerio and Tsaftaris, Sotirios A},
	journal={IEEE Transactions on Medical Imaging},
	volume={37},
	number={3},
	pages={803--814},
	year={2018}}

@article{85joyce2017robust,
	title={Robust Multi-modal MR Image Synthesis},
	author={Joyce, Thomas and Chartsias, Agisilaos and Tsaftaris, Sotirios A},
	pages={347--355},
	year={2017}}

 